<record><leader>00000cas a2200000 a 4500</leader><controlfield tag="001">10164032</controlfield><controlfield tag="008">831128d18251826scuwr ne      0    0eng d</controlfield><datafield ind1=" " ind2=" " tag="010"><subfield code="a">sn 90066025 </subfield></datafield><datafield ind1=" " ind2=" " tag="040"><subfield code="a">NDD</subfield><subfield code="b">eng</subfield><subfield code="c">NDD</subfield><subfield code="d">NYS</subfield><subfield code="d">SVN</subfield><subfield code="d">FUG</subfield><subfield code="d">OCL</subfield><subfield code="d">OCLCQ</subfield><subfield code="d">OCLCF</subfield><subfield code="d">OCLCO</subfield><subfield code="d">OCLCA</subfield></datafield><datafield ind1=" " ind2=" " tag="042"><subfield code="a">msc</subfield></datafield><datafield ind1=" " ind2=" " tag="043"><subfield code="a">n-us-sc</subfield></datafield><datafield ind1="0" ind2=" " tag="130"><subfield code="a">Encyclopedia (Yorkville, S.C.)</subfield></datafield><datafield ind1="1" ind2="0" tag="245"><subfield code="a">Encyclopedia.</subfield></datafield><datafield ind1=" " ind2=" " tag="260"><subfield code="a">Yorkville, S.C. :</subfield><subfield code="b">M'Kee and Harris,</subfield><subfield code="c">1825-1826.</subfield></datafield><datafield ind1=" " ind2=" " tag="300"><subfield code="a">1 v. ;</subfield><subfield code="c">26 cm.</subfield></datafield><datafield ind1=" " ind2=" " tag="310"><subfield code="a">Weekly</subfield></datafield><datafield ind1="0" ind2=" " tag="362"><subfield code="a">Vol. 1, no. 1 (Oct. 8, 1825)-v. 1, no. 52 (Oct. 28, 1826).</subfield></datafield><datafield ind1=" " ind2=" " tag="580"><subfield code="a">"Printed ... at The Pioneer office."</subfield></datafield><datafield ind1=" " ind2="0" tag="651"><subfield code="a">Yorkville (S.C.)</subfield><subfield code="v">Newspapers.</subfield></datafield><datafield ind1=" " ind2="0" tag="651"><subfield code="a">York County (S.C.)</subfield><subfield code="v">Newspapers.</subfield></datafield><datafield ind1=" " ind2="7" tag="655"><subfield code="a">Newspapers.</subfield><subfield code="2">fast</subfield><subfield code="0">(OCoLC)fst01423814</subfield></datafield><datafield ind1=" " ind2="7" tag="651"><subfield code="a">South Carolina</subfield><subfield code="z">York County.</subfield><subfield code="2">fast</subfield><subfield code="0">(OCoLC)fst01213427</subfield></datafield><datafield ind1=" " ind2="7" tag="651"><subfield code="a">South Carolina</subfield><subfield code="z">Yorkville.</subfield><subfield code="2">fast</subfield><subfield code="0">(OCoLC)fst01251764</subfield></datafield><datafield ind1=" " ind2=" " tag="752"><subfield code="a">United States</subfield><subfield code="b">South Carolina</subfield><subfield code="c">York</subfield><subfield code="d">Yorkville.</subfield></datafield><datafield ind1="1" ind2=" " tag="787"><subfield code="t">Pioneer (Yorkville, S.C.)</subfield><subfield code="w">(DLC)sn 93067847</subfield><subfield code="w">(OCoLC)28369114</subfield></datafield></record>